@misc{xexeo2023,
title = {Tópicos em Busca da Informação e Mineração de Texto},
author = {Geraldo Xexéo},
year = {2023},
note = {Em construção, disponível sob demanda}
}


@MastersThesis{Abreu2011,
  author           = {Rodrigo Mesquita de Abreu},
  date             = {2011-09},
  institution      = {Programa de Engenharia de Sistemas e Computação - COPPE/UFRJ},
  title            = {Proposta de Arquitetura Para Um Sistema de Detecção de PlágioMulti-Algoritmo},
  location         = {Rio de Janeiro},
  creationdate     = {2022-11-07T17:23:20},
  modificationdate = {2022-11-07T17:23:20},
  owner            = {Geraldo Xexéo},
}

@MastersThesis{Morgado2010,
  author           = {Fernando Fernandes Morgado},
  date             = {2010-09-29},
  institution      = {Programa de Engenharia de Sistemas e Computação - COPPE/UFRJ},
  title            = {Representação de Documentos Através de Nuvens de Termos},
  location = {Rio de Janeiro}
}

@MastersThesis{Ferman2016,
  author           = {Ferman, Fabio},
  date             = {2016},
  institution      = {Programa de Engenharia de Sistemas e Computação - COPPE/UFRJ},
  location         = {Rio de Janeiro},
  title            = {Programação Genética de Árvores de Regras para Normalização de Textos},
  creationdate     = {2022-11-07T17:23:20},
  modificationdate = {2022-11-07T17:23:20},
  owner            = {Geraldo Xexéo},
}


@MastersThesis{Mayworm2007,
  author           = {Mayworm, Marcelo de Mattos},
  title            = {Um Crawler Peer-to-Peer Baseado em Agentes},
  creationdate     = {2022-11-07T17:23:06},
  date             = {2007-09-28},
  institution      = {Programa de Engenharia de Sistemas, COPPE/UFRJ},
  location         = {Rio de Janeiro},
  modificationdate = {2022-11-07T17:23:06},
  owner            = {Geraldo Xexéo},
}

@MastersThesis{Vieira:2016,
  author           = {Danielle Caled Vieira},
  date             = {2016},
  institution      = {Programa de Engenharia de Sistemas e Computação, COPPE-UFRJ},
  title            = {Abordagens de Técnicas de LSH Aplicadas ao Problema de Similaridade de Documentos},
  pages            = {85},
  creationdate     = {2022-11-07T17:22:51},
  modificationdate = {2022-11-07T17:22:51},
  owner            = {Geraldo Xexéo},
  timestamp        = {2020-08-05},
}

@PhdThesis{Duarte2017,
  author           = {Fellipe Ribeiro Duarte},
  date             = {2017-06},
  institution      = {Programa de Engenharia de Sistemas e Computação - COPPE/UFRJ},
  title            = {Identificando Plagio Externo Com Locality-Sensitive ´Hashing},
  location         = {Rio de Janeiro},
  creationdate     = {2022-11-07T17:23:20},
  modificationdate = {2022-11-07T17:23:20},
  owner            = {Geraldo Xexéo},
}


@Book{Baeza2011,
  author           = {{Baeza-Yates}, Ricardo and Ribeiro-Neto, Berthier},
  date             = {2011},
  title            = {Modern Information Retrieval: The Concepts and Technology behind Search},
  location         = {USA},
  publisher        = {Addison-Wesley Publishing Company},
  creationdate     = {2022-11-07T17:23:20},
  modificationdate = {2022-11-07T17:23:20},
  owner            = {Geraldo Xexéo},
}

@TechReport{xexeo2022,
  author           = {Geraldo Xexéo},
  date             = {2022-08},
  institution      = {Programa de Engenharia de Sistemas  e Computação - COPPE/UFRJ},
  title            = {Explorações em Mineração de Texto},
  note             = {Relatório Técnico},
  number           = {ES-782/22},
  url              = {https://www.cos.ufrj.br/index.php/pt-BR/publicacoes-pesquisa/details/15/3060},
  booktitle        = {Explorações em Mineração de Texto},
  creationdate     = {2022-11-07T17:23:06},
  editor           = {Geraldo Xexéo},
  modificationdate = {2022-11-07T17:23:06},
  owner            = {Geraldo Xexéo},
}




@Book{Berry:2005,
  author           = {Michael W. Berry and Murray Browne},
  date             = {2005},
  title            = {Undestanding Search Engines: Mathematical Modeling and Text Retrieval},
  edition          = {2},
  location         = {Philadelphia},
  publisher        = {SIAM},
  creationdate     = {2022-11-07T17:22:51},
  modificationdate = {2022-11-07T17:22:51},
  owner            = {Geraldo Xexéo},
  timestamp        = {2020-06-30},
}

@Book{bird:2019,
  author           = {Steven Bird and Ewan Klein and Edward Loper},
  date             = {2019},
  title            = {Natural Language Processing with Python – Analyzing Text with the Natural Language Toolkit},
  url              = {http://www.nltk.org/book/},
  urldate          = {2020-07-01},
  creationdate     = {2022-11-07T17:22:51},
  modificationdate = {2022-11-07T17:22:51},
  owner            = {Geraldo Xexéo},
  timestamp        = {2020-07-01},
}

@InBook{Cooper1997,
  author           = {William S. Cooper},
  booktitle        = {Readings in Information Retrieval},
  date             = {1997},
  title            = {Getting Beyond Boole},
  editora          = {Karen Sparck Jones and Peter Willet},
  editorb          = {Edward Fox},
  location         = {San Francisco},
  publisher        = {Morgan Fauffman Publishers},
  series           = {The Morgan Kaufman Series in Multimedia Infomation and Systems},
  creationdate     = {2022-11-07T17:22:51},
  modificationdate = {2022-11-07T17:22:51},
  owner            = {Geraldo Xexéo},
  timestamp        = {2020-07-09},
}

@Article{Brin:1998,
  author           = {Sergey Brin and Lawrence Page},
  date             = {1998},
  journaltitle     = {Computer Networks and ISDN Systems},
  title            = {The Anatomy of a Large-Scale Hypertextual Web Search Engine},
  doi              = {https://doi.org/10.1016/S0169-7552(98)00110-X},
  issue            = {1-7},
  pages            = {107-117},
  url              = {http://infolab.stanford.edu/~backrub/google.html},
  volume           = {30},
  creationdate     = {2022-11-07T17:22:51},
  modificationdate = {2022-11-07T17:22:51},
  organization     = {Computer Science Department, Stanford University, Stanford, CA},
  owner            = {Geraldo Xexéo},
  timestamp        = {2020-07-21},
}

@Book{jurafsky2022,
  author           = {Dan Jurafsky and James H. Martin},
  date             = {2022-01-12},
  title            = {Speech and Language Processing},
  note             = {draft},
  url              = {https://web.stanford.edu/~jurafsky/slp3/},
  urldate          = {2022-11-03},
  creationdate     = {2022-11-07T17:23:06},
  modificationdate = {2022-11-07T17:23:06},
  owner            = {Geraldo Xexéo},
}

@Article{richardson2007beautiful,
  author           = {Richardson, Leonard},
  date             = {2007},
  journaltitle     = {April},
  title            = {Beautiful soup documentation},
  creationdate     = {2022-11-07T17:23:06},
  modificationdate = {2022-11-07T17:23:06},
  owner            = {Geraldo Xexéo},
}

@Book{VanRossum2009,
  author           = {van Rossum, Guido and Drake, Fred L.},
  date             = {2009},
  title            = {Python 3 Reference Manual},
  isbn             = {1441412697},
  location         = {Scotts Valley, CA},
  publisher        = {CreateSpace},
  creationdate     = {2022-11-07T17:23:20},
  modificationdate = {2022-11-07T17:23:20},
  owner            = {Geraldo Xexéo},
}

@Book{VanRijsbergen1979,
  author           = {C. J. Keith {van Rijsbergen}},
  date             = {1979},
  title            = {Information Retrieval},
  creationdate     = {2022-11-07T17:23:20},
  journaltitle     = {Butterworths},
  modificationdate = {2022-11-07T17:23:20},
  owner            = {Geraldo Xexéo},
}

@Book{Saracevic2017,
  author           = {Tefko Saracevic},
  date             = {2017},
  title            = {The Notion of Relevance in Information Science Everybody knows what relevance is. But whatis it really?},
  doi              = {10.2200/S00723ED1V01Y201607ICR050},
  number           = {50},
  publisher        = {Morgan \& Claypool},
  series           = {Synthesis Lectures On Information Concepts, Retrieval, And Services},
  creationdate     = {2022-11-07T17:23:20},
  modificationdate = {2022-11-07T17:23:20},
  owner            = {Geraldo Xexéo},
}




